@techreport{xml,
  author = {M. Garcia-Martin, G. Camarillo},
  title = {Extensible Markup Language (XML) Format Extension for Representing Copy Control Attributes in Resource Lists},
  howpublished = {Internet Requests for Comments},
  type = {RFC},
  number = 5364,
  year = {2008},
  month = {October},
  publisher = {RFC Editor},
  institution = {RFC Editor},
  url = {https://www.rfc-editor.org/rfc/rfc5364.txt}
}

@techreport{json,
  author = {T. Bray, Ed.},
  title = {The JavaScript Object Notation (JSON) Data Interchange Format},
  howpublished = {Internet Requests for Comments},
  type = {RFC},
  number = 8259,
  year = {2017},
  month = {December},
  issn = {2070-1721},
  publisher = {RFC Editor},
  institution = {RFC Editor},
  url = {https://www.rfc-editor.org/rfc/rfc5364.txt}
}

@misc{protobuf,
    author = {{Google LLC}},
    title = {Protocol Buffers Documentation},
    note = {Last accessed 21 February 2023},
    url = {https://protobuf.dev/}
}


@misc{tl,
    author = {{Telegram Messenger Inc.}},
    title = {TL Language},
    note = {Last accessed 21 February 2023},
    url = {https://core.telegram.org/mtproto/TL}
}

@misc{grpc,
    author = {{Google LLC}},
    title = {{gRPC}},
    note = {Last accessed 21 February 2023},
    url = {https://grpc.io/}
}

@book{pr,
    author    = "Benjamin C. Pierce",
    title     = "Types and Programming Languages",
    publisher = "The MIT Press",
    year      = "2002",
    month    = "February",
}

@book{types,
    author    = "Martin-LÃ¶f",
    title     = "Intuitionistic Type Theory",
    publisher = "Bibliopolis",
    year      = "1984",
}
